% Correct Bibtex entries are best obtained by cut-and-paste from 
% Spires or Inspire. 
% - They might still need some editing of Latex symbols in 
%   the titles. 
% - Page ranges should in many cases be shortened to just 
%   having the start page.
% - Collaborations might need to be added or indeed just the word 
%   "collaboration" put after them.

@article{Callot:1177133,
      author        = "Callot, O and Cherukuwada, S and Frank, M and Gaspar, C
                       and Graziani, G and Van Herwijnen, E and Jost, B and
                       Neufeld, N and Pepé-Altarelli, M and Somogyi, P and
                       Stoica, R",
      title         = "{Online data monitoring in the LHCb experiment}",
      journal       = "J. Phys.: Conf. Ser.",
      volume        = "119",
      pages         = "022015",
      year          = "2008",
}


@article{trend,
title = "\toupper{T}rending tool",
note = "https://lbtwiki.cern.ch/bin/view/Operation/UseTrending"
}

@article{ttree,
title = "\toupper{TT}ree",
note = "http://root.cern.ch/root/html/TBranchElement.html"
}

@article{aida1D,
title = "AIDA::\toUpper{IH}istogram1\toupper{D}",
note = "http://aida.freehep.org/doc/v3.2.0/api/hep/aida/IHistogram1D.html"
}

@article{hltobjectsum,
title = "Hlt\toupper{O}bject\toupper{S}ummary",
note = "https://svnweb.cern.ch/trac/lhcb/browser/LHCb/trunk/Event/HltEvent
	/xml/HltObjectSummary.xml?rev=36787"
}

@article{lumiSum,
title = "Lumi \toupper{S}ummary \toupper{XML}",
note = "https://svnweb.cern.ch/trac/lhcb/browser/LHCb/trunk/Event
        /HltEvent/xml/HltLumiSummary.xml?rev=36838"
}

@article{lumiXML,
title = "Lumi \toupper{C}ounters \toupper{XML}",
note = "https://svnweb.cern.ch/trac/lhcb/browser/LHCb/trunk/Event
        /LumiEvent/xml/LumiCounters.xml?rev=168574"
}

@article{lumiCnt,
title = "Lumi \toupper{C}ounters",
note = "https://twiki.cern.ch/twiki/bin/view/LHCb/FileSummary
        Record\#LumiCounters"
}


@article{odin_bank,
title = "ODIN fields",
note = "http://svn.cern.ch/guest/lhcb/LHCb/trunk/Kernel/LHCbAlgs
        /src/ODINCodecBaseTool.cpp"
}

@article{hltDec,
title = "HLT decision reports",
note = "http://lhcb-release-area.web.cern.ch/LHCb-release-area/DOC/davinci
	/releases/latest/doxygen/d7/db8/class\_l\_h\_cb\_1\_1\_hlt\_dec      
        \_reports.html\#details"
}

@article{hlteff,
title = "Routing bits",
note = "https://twiki.cern.ch/twiki/bin/view/LHCb/HltRoutingBits,
	https://twiki.cern.ch/twiki/bin/view/LHCb/HltEfficiency"
}

@article{odin,
title = "ODIN raw bank",
note = "http://lhcb-online.web.cern.ch/lhcb-online/tfc/documents/ODIN\_rawdata\_edms704084\_1.pdf"
}


@article{rawEv,
title = "Raw \toupper{E}vent wiki",
note = "https://twiki.cern.ch/twiki/bin/view/LHCb/RawEvent"
}


@techreport{mato1998gaudi,
  title={GAUDI-Architecture design document},
  author={Mato, P},
  year={1998},
  institution={CERN-LHCb-98-064}
}

@article{Gaspar2001102,
title = "DIM, a portable, light weight package for information publishing, data transfer and inter-process communication ",
journal = "Computer Physics Communications ",
volume = "140",
number = "1–2",
pages = "102 - 109",
year = "2001",
note = "\{CHEP2000\} ",
issn = "0010-4655",
doi = "http://dx.doi.org/10.1016/S0010-4655(01)00260-0",
url = "http://www.sciencedirect.com/science/article/pii/S0010465501002600",
author = "C. Gaspar and M. Dönszelmann and Ph. Charpentier",
keywords = "Asynchronous communications",
keywords = "Heterogeneous distributed systems "
}


@techreport{Albrecht:1667843,
      author        = "Albrecht, J and Gligorov, V and Raven, G",
      title         = "{Review Document: Full Software Trigger}",
      institution   = "CERN",
      address       = "Geneva",
      number        = "LHCb-INT-2014-017. CERN-LHCb-INT-2014-017",
      month         = "Mar",
      year          = "2014",
      note          = "On behalf of the the HLT software group",
}

@article{HubelWiesel1,
      author         = "Hubel, D.H. and Wiesel, T.N.",
      title          = "{Receptive fields of single neurones in the cat's striate cortex}",
      journal        = "J. Physiol.",
      volume         = "148",
      pages          = "574-591",
      doi            = "",
      year           = "1959",
      reportNumber   = "",
      SLACcitation   = "%%CITATION = NUIMA,A269,93;%%",
}

@article{HubelWiesel2,
      author         = "Hubel, D.H. and Wiesel, T.N.",
      title          = "{Receptive fields, binocular interaction and functional architecture in the cat's visual cortex}",
      journal        = "J. Physiol.",
      volume         = "160",
      pages          = "106-154",
      doi            = "",
      year           = "1962",
      reportNumber   = "",
      SLACcitation   = "%%CITATION = NUIMA,A269,93;%%",
}


@article{Foster:1987fc,
      author         = "Foster, G.W. and Freeman, J. and Newman-Holmes, C. and
                        Patrick, J.",
      title          = "{A Fast Hardware Track Finder for the CDF Central
                        Tracking Chamber}",
      journal        = "Nucl.Instrum.Meth.",
      volume         = "A269",
      pages          = "93-100",
      doi            = "10.1016/0168-9002(88)90865-0",
      year           = "1988",
      reportNumber   = "FERMILAB-PUB-87-191-E",
      SLACcitation   = "%%CITATION = NUIMA,A269,93;%%",
}


@article{Thomson:2002xp,
      author         = "Thomson, Evelyn J. and Ciobanu, C. and Chung, J.Y. and
                        Gerstenslager, J. and Hoftiezer, J. and others",
      title          = "{Online track processor for the CDF upgrade}",
      journal        = "IEEE Trans.Nucl.Sci.",
      volume         = "49",
      pages          = "1063-1070",
      doi            = "10.1109/TNS.2002.1039615",
      year           = "2002",
      reportNumber   = "FERMILAB-CONF-02-144-E",
      SLACcitation   = "%%CITATION = IETNA,49,1063;%%",
}

@techreport{edms1360078,
      author        = "Cachemiche, J-P and Jost, B and Le Gac, R and Neufeld,
                       N",
      title         = "{Estimation of the TPU cost}",
      institution   = "CERN",
      address       = "Geneva",
      number        = "EDMS1360078C",
      month         = "Feb",
      year          = "2014",
      note          = "",
}

@techreport{Shochet:1552953,
      author        = "Shochet, M and Tompkins, L and Cavaliere, V and Giannetti,
                       P and Annovi, A and Volpi, G",
      title         = "{Fast TracKer (FTK) Technical Design Report}",
      institution   = "CERN",
      address       = "Geneva",
      number        = "CERN-LHCC-2013-007. ATLAS-TDR-021",
      month         = "Jun",
      year          = "2013",
      note          = "ATLAS Fast Tracker Technical Design Report",
}

@article{Morsani:1992eu,
      author         = "Morsani, F. and Amendolia, S.R. and Galeotti, S. and
                        Passuello, D. and Ristori, L. and others",
      title          = "{The AMchip: A VLSI associative memory for track
                        finding}",
      journal        = "Nucl.Instrum.Meth.",
      volume         = "A315",
      pages          = "446-448",
      doi            = "10.1016/0168-9002(92)90744-O",
      year           = "1992",
      SLACcitation   = "%%CITATION = NUIMA,A315,446;%%",
}


@article{Dell'Orso:1988zz,
      author         = "Dell'Orso, M. and Ristori, L.",
      title          = "{VLSI structures for track finding}",
      journal        = "Nucl.Instrum.Meth.",
      volume         = "A278",
      pages          = "436-440",
      doi            = "10.1016/0168-9002(89)90862-0",
      year           = "1989",
      SLACcitation   = "%%CITATION = NUIMA,A278,436;%%",
}

@article{Daum:1983ni,
      author         = "Daum, C. and Dijkstra, H. and Gosman, D. and Hardwick, C.
                        and Hertzberger, L. and others",
      title          = "{Online Event Selection With the Famp Microprocessor
                        System}",
      journal        = "Nucl.Instrum.Meth.",
      volume         = "217",
      pages          = "361",
      doi            = "10.1016/0167-5087(83)90164-3",
      year           = "1983",
      reportNumber   = "NIKHEF-H/83-2",
      SLACcitation   = "%%CITATION = NUIMA,217,361;%%",
}

@article{Sega,
	author = "Andreani, A. and Andreazza, A. and Annovi, A. and Beretta, M. and Bevacqua, V. and Blazey, G. and Bogdan, M. and Bossini, E. and Boveia, A. and Cavaliere, V. and Canelli, F. and Cervigni, F. and Cheng, Y. and Citterio, M. and Crescioli, F. and Dell'Orso, M. and Drake, G. and Dunford, M. and Giannetti, P. and Giorgi, F. and Hoff, J. and Kapliy, A. and Kasten, M. and Kim, Y. K. and Kimura, N. and Lanza, A. and Li, H. L. and Liberali, V. and Liu, T. and Magalotti, D. and McCarn, A. and Melachrinos, C. and Meroni, C. and Negri, A. and Neubauer, M. and Olsen, J. and Penning, B. and Piendibene, M. and Proudfoot, J. and Riva, M. and Roda, C. and Sabatini, F. and Sacco, I. and Shochet, M. and Stabile, A. and Tang, F. and Tang, J. and Tripiccione, R. and Tuggle, J. and Vercesi, V. and Villa, M. and Vitillo, R. A. and Volpi, G. and Webster, J. and Yorita, K. and Zhang, J.",
	title = "The FastTracker Real Time Processor and Its Impact on Muon Isolation, Tau and b-Jet Online Selections at ATLAS",
	year = "2012",
	url = "http://dx.doi.org/10.1109/TNS.2011.2179670",
	publisher = "IEEE-INST ELECTRICAL ELECTRONICS ENGINEERS INC",

@techreport{BJostTalk,
      author        = "Jost, Beat",
      title         = "{Online overvirew of future CPU power}",
      institution   = "CERN",
      address       = "Geneva",
      number        = "Talk at Tracking and Trigger workshop, Feb 2014",
      month         = "Feb",
      year          = "2014",
}

@techreport{Bowen:1635665,
      author        = "Bowen, Espen and Storaci, Barbara",
      title         = "{VeloUT tracking software for the LHCb Upgrade}",
      institution   = "CERN",
      address       = "Geneva",
      number        = "LHCb-PUB-2013-023. CERN-LHCb-PUB-2013-023.
                       LHCb-INT-2013-056",
      month         = "Dec",
      year          = "2013",
}

@article{journals/tvlsi/ChenSS12,
  added-at = {2012-06-22T00:00:00.000+0200},
  author = {Chen, Zhong-Ho and Su, Alvin Wen-Yu and Sun, Ming-Ting},
  biburl = {http://www.bibsonomy.org/bibtex/253a47010cf535e183c155358f4cd47bf/dblp},
  ee = {http://dx.doi.org/10.1109/TVLSI.2011.2160002},
  interhash = {9558d3c94e0e427bd44539e018d25d7e},
  intrahash = {53a47010cf535e183c155358f4cd47bf},
  journal = {IEEE Trans. VLSI Syst.},
  keywords = {dblp},
  number = 8,
  pages = {1419-1428},
  timestamp = {2012-06-22T00:00:00.000+0200},
  title = {Resource-Efficient FPGA Architecture and Implementation of Hough Transform.},
  url = {http://dblp.uni-trier.de/db/journals/tvlsi/tvlsi20.html#ChenSS12},
  volume = 20,
  year = 2012
}


@techreport{Albrecht:1555723,
      author        = "Albrecht, Johannes and Blusk, Steven and Bowen, Espen Eie
                       and De Cian, Michel and Di Canto, Angelo and Gandini, Paolo
                       and Gligorov, Vladimir and Fitzpatrick, Conor and
                       Hadjivasiliou, Christos and Head, Timothy and Nikodem,
                       Thomas and Raven, Gerhard and Stahl, Sascha and Stone,
                       Sheldon and Storaci, Barbara and Wang, Jianchun and
                       Williams, Mike",
      title         = "{Impact of hardware choices on the LHCb upgrade trigger
                       strategy}",
      institution   = "CERN",
      address       = "Geneva",
      number        = "LHCb-INT-2013-035. CERN-LHCb-INT-2013-035",
      month         = "Jun",
      year          = "2013",
}

@techreport{CERN-LHCC-2011-001,
      title         = "{Letter of Intent for the LHCb Upgrade}",
      institution   = "CERN",
      address       = "Geneva",
      number        = "CERN-LHCC-2011-001. LHCC-I-018",
      month         = "Mar",
      year          = "2011",
}


@article{Hough:1959qva,
      author         = "Hough, P.V.C.",
      title          = "{Machine Analysis Of Bubble Chamber Pictures}",
      journal        = "Conf.Proc.",
      volume         = "C590914",
      pages          = "554-558",
      year           = "1959",
      SLACcitation   = "%%CITATION = INSPIRE-919922;%%",
}


@article{readoutreview,
      author         = "Neufeld, N. and Cogan, J. and Akar, S. and Le Gac,
                        R. and Cachemiche, J.-P. and others",
      title          = "{The LHCb Readout for the Run 3}",
      year           = "2014",
      eprint         = "",
      archivePrefix  = "",
      primaryClass   = "",
      SLACcitation   = "%%CITATION = ARXIV:1310.8544;%%",
}


@article{Albrecht:2013fba,
      author         = "Albrecht, J. and Gligorov, V.V. and Raven, G. and Tolk,
                        S.",
      title          = "{Performance of the LHCb High Level Trigger in 2012}",
      year           = "2013",
      eprint         = "1310.8544",
      archivePrefix  = "arXiv",
      primaryClass   = "hep-ex",
      SLACcitation   = "%%CITATION = ARXIV:1310.8544;%%",
}

@article{Aaij:2012me,
      author         = "Aaij, R and Albrecht, J and Alessio, F and Amato, S and
                        Aslanides, E and others",
      title          = "{The LHCb Trigger and its Performance in 2011}",
      journal        = "JINST",
      volume         = "8",
      pages          = "P04022",
      doi            = "10.1088/1748-0221/8/04/P04022",
      year           = "2013",
      eprint         = "1211.3055",
      archivePrefix  = "arXiv",
      primaryClass   = "hep-ex",
      SLACcitation   = "%%CITATION = ARXIV:1211.3055;%%",
}

@article{Ristori:2010zz,
      author         = "Ristori, Luciano and Punzi, Giovanni",
      title          = "{Triggering on heavy flavors at hadron colliders}",
      journal        = "Ann.Rev.Nucl.Part.Sci.",
      volume         = "60",
      pages          = "595-614",
      doi            = "10.1146/annurev.nucl.012809.104501",
      year           = "2010",
      SLACcitation   = "%%CITATION = ARNUA,60,595;%%",
}

@article{Ashmanskas:2003gf,
      author         = "Ashmanskas, Bill and others",
      title          = "{The CDF silicon vertex trigger}",
      collaboration  = "CDF Collaboration",
      journal        = "Nucl.Instrum.Meth.",
      volume         = "A518",
      pages          = "532-536",
      doi            = "10.1016/j.nima.2003.11.078",
      year           = "2004",
      eprint         = "physics/0306169",
      archivePrefix  = "arXiv",
      primaryClass   = "physics",
      reportNumber   = "FERMILAB-CONF-03-168-E",
      SLACcitation   = "%%CITATION = PHYSICS/0306169;%%",
}


@article{Ristori:2000vg,
      author         = "Ristori, L.",
      title          = "{An artificial retina for fast track finding}",
      journal        = "Nucl.Instrum.Meth.",
      volume         = "A453",
      pages          = "425-429",
      doi            = "10.1016/S0168-9002(00)00676-8",
      year           = "2000",
      SLACcitation   = "%%CITATION = NUIMA,A453,425;%%",
}


% Below are a set of standard references to use for LHCb.

% The LHCb detector paper
@article{Alves:2008zz,
      author         = "Alves~Jr., A. A. and others",
      title          = "{The \lhcb detector at the LHC}",
      collaboration  = "LHCb collaboration",
      journal        = "JINST",
      volume         = "3",
      pages          = "S08005",
      doi            = "10.1088/1748-0221/3/08/S08005",
      year           = "2008",
}

% The standard trigger reference
@article{Aaij:2012me,
      author         = "Aaij, R. and Albrecht, J. and Alessio, F. and Amato, S.
                        and Aslanides, E. and others",
      title          = "{The \lhcb trigger and its performance}",
      year           = "2012",
      eprint         = "1211.3055",
      archivePrefix  = "arXiv",
      primaryClass   = "hep-ex",
      SLACcitation   = "%%CITATION = ARXIV:1211.3055;%%",
}

% The HLT1 in 2010 data
@lhcbreport{LHCb-PUB-2011-003,
      author       = "Gligorov, Vladimir V",
      title        = "{A single track HLT1 trigger}",
      number       = "LHCb-PUB-2011-003",
} 

% The HLT2
@techreport{LHCb-PUB-2011-002,
      author       = "Williams, M. and others",
      title        = "The {HLT2} topological lines",
      institution  = "CERN",
      address      = "Geneva",
      number       = "LHCb-PUB-2011-002",
      year         = "2011"
}  

@techreport{LHCb-PUB-2011-016,
      author       = "Gligorov, Vladimir V and Thomas, Christopher and Williams,
                      Michael",
      title        = "The HLT inclusive B triggers",
      institution  = "CERN",
      address      = "Geneva",
      number       = "CERN-LHCb-PUB-2011-016",
      month        = "Sep",
      year         = "2011",
      note         = "LHCb-PUB-2011-016",
}

@techreport{LHCb-PUB-2011-017,
      author       = "Aaij, Roel and Albrecht, Johannes",
      title        = "Muon triggers in the High Level Trigger of LHCb",
      institution  = "CERN",
      address      = "Geneva",
      number       = "LHCb-PUB-2011-017",
      month        = "Sep",
      year         = "2011",
}

@techreport{Adinolfi:1269045,
      author       = "Adinolfi, M and Koppenburg, P",
      title        = "Setting Data Quality Flags",
      institution  = "CERN",
      address      = "Geneva",
      number       = "LHCb-INT-2010-026. CERN-LHCb-INT-2010-026",
      month        = "Jun",
      year         = "2010",
}

@techreport{Koppenburg:1517086,
      author       = "Koppenburg, Patrick",
      title        = "Trigger lines correlations",
      institution  = "CERN",
      address      = "Geneva",
      number       = "LHCb-INT-2013-009. CERN-LHCb-INT-2013-009",
      month        = "Feb",
      year         = "2013",
      note         = "In preparation"
}

@techreport{Buszello:1053412,
      author       = "Buszello, C and Gibson, V and Jones, C and Kerzel, U and
                      Rogers, G and Styles, N and Muresan, R and Wilkinson, G",
      title        = "Online Monitoring for the LHCb RICH Detector",
      institution  = "CERN",
      address      = "Geneva",
      number       = "LHCb-2007-112. CERN-LHCb-2007-112",
      month        = "Aug",
      year         = "2007",
}


@techreport{Nicolas:1142717,
      author       = "Nicolas, L and Amoraal, J and Hicheur, A and Hulsbergen, W
                      and Needham, M and Raven, G",
      title        = "Alignment of LHCb tracking stations with tracks fitted with
                      a Kalman filter",
      institution  = "CERN",
      address      = "Geneva",
      number       = "LHCb-2008-066. CERN-LHCb-2008-066",
      month        = "Dec",
      year         = "2008",
}

@techreport{Borghi:1163363,
      author       = "Borghi, S and Gersabeck, M and Parkes, C and Szumlak, T",
      title        = "First Alignment of the LHCb VELO and Analysis of Beam
                      Absorber Collision Data",
      institution  = "CERN",
      address      = "Geneva",
      number       = "LHCb-2009-029. CERN-LHCb-2009-029",
      month        = "Jun",
      year         = "2009",
}

@techreport{Dujany:1495686,
      author       = "Dujany, G and Poier, P and Borghi, S and Parkes, C",
      title        = "A method for monitoring the stability of the alignment of
                      the LHCb VELO",
      institution  = "CERN",
      address      = "Geneva",
      number       = "LHCb-INT-2012-032. CERN-LHCb-INT-2012-032",
      month        = "Nov",
      year         = "2012",
}

% Standard reference for RICH performance
@article{arXiv:1211-6759,
      author         = "Adinolfi, M. and others",
      title          = "{Performance of the \lhcb RICH detector at the LHC}",
      year           = "2012",
      eprint         = "1211.6759",
      archivePrefix  = "arXiv",
      primaryClass   = "physics.ins-det",
      SLACcitation   = "%%CITATION = ARXIV:1211.6759;%%",
}



% PID performance
@article{LHCb-PROC-2011-008,
      author         = "Powell, A. and others",
      title          = "{Particle identification at LHCb}",
      journal        = "PoS",
      volume         = "ICHEP2010",
      pages          = "020",
      year           = "2010",
      note           = "\href{https://cdsweb.cern.ch/record/1322666?ln=en}{LHCb-PROC-2011-008}",
      SLACcitation   = "%%CITATION = POSCI,ICHEP2010,020;%%",
}

% The LHCb simulation
@article{LHCb-PROC-2011-006,
  author={Clemencic, M and others},
  title="{The \lhcb simulation application, \gauss: design, evolution and experience}",
  journal="{J. of Phys.: Conf. Ser.}",
  volume={331},
  pages={032023},
  doi={10.1088/1742-6596/331/3/032023},
  year={2011},
}

% Pythia tuning
@article{LHCb-PROC-2010-056,
      author         = "Belyaev, I. and others",
      title          = "{Handling of the generation of primary events
in \gauss, the \lhcb simulation framework}",
      journal        = "Nuclear Science Symposium Conference Record
(NSS/MIC)",
      volume         = "IEEE",
      pages          = "1155",
      year           = "2010",
      doi            = "10.1109/NSSMIC.2010.5873949",
}

% The PDG 2012 version
@Article{PDG2012,
     author    = "Beringer, J. and others",
 collaboration = "Particle Data Group",
     title     = "{\href{http://pdg.lbl.gov/}{Review of particle physics}}",
     journal   = "Phys. Rev.",
     volume    = "D86",
     year      = "2012",
     pages     = "010001",
     doi       = "10.1103/PhysRevD.86.010001",
}

% Pythia
@article{Sjostrand:2006za,
      author         = {Sj\"{o}strand, Torbj\"{o}rn and Mrenna, Stephen and 
                       Skands, Peter"},
      title          = "{PYTHIA 6.4 physics and manual}",
      journal        = "JHEP",
      volume         = "05",
      pages          = "026",
      doi            = "10.1088/1126-6708/2006/05/026",
      year           = "2006",
      eprint         = "hep-ph/0603175",
      archivePrefix  = "arXiv",
      primaryClass   = "hep-ph",
}

%GEANT4 (the two below should be used together)
@Article{Agostinelli:2002hh,
     author    = "Agostinelli, S. and others",
 collaboration = "GEANT4 collaboration",
     title     = "{GEANT4: A simulation toolkit}",
     journal   = "Nucl. Instrum. Meth.",
     volume    = "A506",
     year      = "2003",
     pages     = "250",
     doi       = "10.1016/S0168-9002(03)01368-8",
     SLACcitation  = "%%CITATION = NUIMA,A506,250;%%"
}

@article{Allison:2006ve,
      author         = "Allison, John and Amako, K. and Apostolakis, J. and
                        Araujo, H. and Dubois, P.A. and others",
 collaboration = "GEANT4 collaboration",
      title          = "{Geant4 developments and applications}",
      journal        = "IEEE Trans.Nucl.Sci.",
      volume         = "53",
      pages          = "270",
      doi            = "10.1109/TNS.2006.869826",
      year           = "2006",
      reportNumber   = "SLAC-PUB-11870",
      SLACcitation   = "%%CITATION = IETNA,53,270;%%",
}


% EVTGEN
@Article{Lange:2001uf,
     author    = "Lange, D. J.",
     title     = "{The EvtGen particle decay simulation package}",
     journal   = "Nucl. Instrum. Meth.",
     volume    = "A462",
     year      = "2001",
     pages     = "152-155",
     doi       = "10.1016/S0168-9002(01)00089-4",
     SLACcitation  = "%%CITATION = NUIMA,A462,152;%%"
}

% PHOTOS
@article{Golonka:2005pn,
      author         = "Golonka, Piotr and Was, Zbigniew",
      title          = "{PHOTOS Monte Carlo: a precision tool for QED
                  corrections in $Z$ and $W$ decays}",
      journal        = "Eur.Phys.J.",
      volume         = "C45",
      pages          = "97-107",
      doi            = "10.1140/epjc/s2005-02396-4",
      year           = "2006",
      eprint         = "hep-ph/0506026",
      archivePrefix  = "arXiv",
      primaryClass   = "hep-ph",
      reportNumber   = "IFJPAN-V-05-01, CERN-PH-TH-2005-091",
      SLACcitation   = "%%CITATION = HEP-PH/0506026;%%",
}

% Crystal Ball function
@PhdThesis{Skwarnicki:1986xj,
  author    = "Skwarnicki, Tomasz",
  title     = "{A study of the radiative cascade transitions between the
                  Upsilon-prime and Upsilon resonances}",
  school = 	 {Institute of Nuclear Physics, Krakow},
  year = 	 {1986},
  note = 	 "{\href{http://inspirehep.net/record/230779/files/230779.pdf}{DESY-F31-86-02}}",
  SLACcitation   = "%%CITATION = DESY-F31-86-02 ETC.;%%"
}

% BDT
@book{Breiman,
  author = 	 {Breiman, L. and Friedman, J. H. and Olshen,
                  R. A. and Stone, C. J.},
  title = 	 {Classification and regression trees},
  publisher = 	 {Wadsworth international group},
  year = 	 {1984},
  address = 	 {Belmont, California, USA},
}

@article{Roe,
   author = {Roe, B.~P. and Yang, H.-J. and Zhu, J. and Liu,
                  Y. and Stancu, I. and McGregor, G.},
    title = "{Boosted decision trees as an alternative to artificial neural networks for particle identification}",
  journal = {Nucl.Instrum.Meth.},
   eprint = {physics/0408124},
archivePrefix  = "arXiv",
 primaryClass   = "physics",
     year = "2005",
   volume = "A543",
    pages = {577-584},
      doi = {10.1016/j.nima.2004.12.018},
}

% BDT training with AdaBoost
@Article{AdaBoost,
  author = 	 {Schapire, Robert E. and Freund, Yoav},
  title = 	 {A decision-theoretic generalization of on-line learning and an application to boosting},
  journal = 	 {Jour. Comp. and Syst. Sc.},
  volume         = "55",
  pages          = "119",
  year = 	 {1997},
  doi            = "10.1006/jcss.1997.1504",
}

%DecayTreeFitter
@article{Hulsbergen:2005pu,
      author         = "Hulsbergen, Wouter D.",
      title          = "{Decay chain fitting with a Kalman filter}",
      journal        = "Nucl.Instrum.Meth.",
      volume         = "A552",
      pages          = "566-575",
      doi            = "10.1016/j.nima.2005.06.078",
      year           = "2005",
      eprint         = "physics/0503191",
      archivePrefix  = "arXiv",
      primaryClass   = "physics",
      SLACcitation   = "%%CITATION = PHYSICS/0503191;%%",
}

@article{Majorana:1937vz,
      author         = "Majorana, Ettore",
      title          = "{Teoria simmetrica dell'elettrone e del positrone}",
      journal        = "Nuovo Cim.",
      volume         = "14",
      pages          = "171-184",
      doi            = "10.1007/BF02961314",
      year           = "1937",
}

@article{Pati:1974yy,
      author         = "Pati, Jogesh C. and Salam, Abdus",
      title          = "{Lepton Number as the Fourth Color}",
      journal        = "Phys. Rev.",
      volume         = "D10",
      pages          = "275-289",
      doi            = "10.1103/PhysRevD.10.275",
      year           = "1974",
      note           = "Erratum-ibid. {\bf D11} (1975) 703",
}

@article{Pascoli:2007qh,
      author         = "Pascoli, S. and Petcov, S.T.",
      title          = "{Majorana neutrinos, neutrino mass spectrum and the
                        $|\langle m \rangle| \sim 10^{-3}$~eV frontier in 
                        neutrinoless double beta decay}",
      journal        = "Phys.\ Rev.",
      volume         = "D77",
      pages          = "113003",
      doi            = "10.1103/PhysRevD.77.113003",
      year           = "2008",
      eprint         = "0711.4993",
      archivePrefix  = "arXiv",
      primaryClass   = "hep-ph",
}

@article{Aaij:2011rj,
      author         = "Aaij, R and others",
      title          = "{Search for the rare decays $\Bs \to \mumu$ and 
                       $\Bd \to \mumu$}",
      collaboration  = "LHCb collaboration",
      journal        = "Phys. Lett.",
      volume         = "B699",
      pages          = "330-340",
      doi            = "10.1016/j.physletb.2011.04.031",
      year           = "2011",
      eprint         = "1103.2465",
      archivePrefix  = "arXiv",
      primaryClass   = "hep-ex",
}

@article{FerroLuzzi:2005em,
      author         = "Ferro-Luzzi, M.",
      title          = "{Proposal for an absolute luminosity determination in
                        colliding beam experiments using vertex detection of
                        beam-gas interactions}",
      journal        = "Nucl.Instrum.Meth.",
      volume         = "A553",
      pages          = "388-399",
      doi            = "10.1016/j.nima.2005.07.010",
      year           = "2005",
}

@article{Skands:2009zm,
      author         = "Skands, Peter Z.",
      title          = "{The Perugia tunes}",
      year           = "2009",
      eprint         = "0905.3418",
      archivePrefix  = "arXiv",
      primaryClass   = "hep-ph",
}

@Misc{BibTeX,
  author = 	 {Feder, Alexander},
  title = 	 {Your {Bib\TeX} resource},
  howpublished = {\href{http://www.bibtex.org/} {http://www.bibtex.org/}},
}

@Misc{mciteplus,
  author = 	 {Shell, Michael},
  title = 	 {Mciteplus: Enhanced multicitations},
  howpublished = {\href{http://www.michaelshell.org/tex/mciteplus/} {http://www.michaelshell.org/tex/mciteplus/}},
}

@article{Bobeth:2011gi,
      author         = "Bobeth, Christoph and Hiller, Gudrun and van Dyk, Danny",
      title          = "{More benefits of semileptonic rare $B$ decays at low
                        recoil: \CP Violation}",
      journal        = "JHEP",
      volume         = "07",
      pages          = "067",
      doi            = "10.1007/JHEP07(2011)067",
      year           = "2011",
      eprint         = "1105.0376",
      archivePrefix  = "arXiv",
      primaryClass   = "hep-ph",
      reportNumber   = "DO-TH-10-16",
      SLACcitation   = "%%CITATION = ARXIV:1105.0376;%%",
}

@lhcbreport{LHCb-INT-2011-047,
      author       = "Dickens, Jeremy",
      title        = "A measurement of the photon efficiency from the 2010 data",
      number       = "LHCb-INT-2011-047",
}

@lhcbreport{LHCb-ANA-2011-078,
      author       = "Adrover, C and Albrecht, J and Bettler, M-O and Carson, L
                      and Cid Vidal, X and Elsasser, C and Hernando Morata, J A
                      and Lanfranchi, G and Mancinelli, G and Martinez Santos, D
                      and Matveev, M and Palutan, M and Perrin-Terrin, M and
                      Sagidova, N and Sarti, A and Serrano, J and Shcheglov, Y and
                      Steinkamp, O and Archilli, F and Sciascia, B",
      title        = "{Searches for $B_s \to \mu\mu$ and $B_d \to \mu\mu$ in 370
                      pb$^{-1}$ at LHCb}",
      number       = "LHCb-ANA-2011-078",
}

%%%%%%%%%%%%%%%%%%%%%%%%%%%%%%%%%%%%%%%%%%%%%%%%%%%%%%%%%
%
%  LHCb paper information moved to LHCb-PAPER.bib
%                         see also LHCb-CONF.bib
%
%%%%%%%%%%%%%%%%%%%%%%%%%%%%%%%%%%%%%%%%%%%%%%%%%%%%%%%%%

